@article{rumelhart1986learning,
  title={Learning representations by back-propagating errors},
  author={Rumelhart, David E and Hinton, Geoffrey E and Williams, Ronald J},
  journal={nature},
  volume={323},
  number={6088},
  pages={533--536},
  year={1986},
  publisher={Nature Publishing Group}
}

@inproceedings{frerix2018proximal,
  title={Proximal Backpropagation},
  author={Frerix, Thomas and M{\"o}llenhoff, Thomas and Moeller, Michael and Cremers, Daniel},
  booktitle={International Conference on Learning Representations},
  year={2018}
}

@inproceedings{he2016deep,
  title={Deep residual learning for image recognition},
  author={He, Kaiming and Zhang, Xiangyu and Ren, Shaoqing and Sun, Jian},
  booktitle={Proceedings of the IEEE conference on computer vision and pattern recognition},
  pages={770--778},
  year={2016}
}

@online{MLcoban, 
    author = {Vu Huu Tiep},
    title = {Multi-layer Perceptron and Backpropagation},
    year = 2016,
    url = {https://machinelearningcoban.com/2017/02/24/mlp/ },
    urldate = {2022-08-01}
}

@article{baydin2022gradients,
  title={Gradients without Backpropagation},
  author={Baydin, At{\i}l{\i}m G{\"u}ne{\c{s}} and Pearlmutter, Barak A and Syme, Don and Wood, Frank and Torr, Philip},
  journal={arXiv preprint arXiv:2202.08587},
  year={2022}
}

@article{krizhevsky2012imagenet,
  title={Imagenet classification with deep convolutional neural networks},
  author={Krizhevsky, Alex and Sutskever, Ilya and Hinton, Geoffrey E},
  journal={Advances in neural information processing systems},
  volume={25},
  year={2012}
}

@inproceedings{huang2017densely,
  title={Densely connected convolutional networks},
  author={Huang, Gao and Liu, Zhuang and Van Der Maaten, Laurens and Weinberger, Kilian Q},
  booktitle={Proceedings of the IEEE conference on computer vision and pattern recognition},
  pages={4700--4708},
  year={2017}
}

@book{anderson1995introduction,
  title={An introduction to neural networks},
  author={Anderson, James A},
  year={1995},
  publisher={MIT press}
}

@article{hefferon2018linear,
  title={Linear algebra third edition},
  author={Hefferon, Jim},
  year={2018}
}

@book{stewart2018single,
  title={Single variable calculus: Concepts and contexts},
  author={Stewart, James},
  year={2018},
  publisher={Cengage Learning}
}